<?xml version="1.0" encoding="UTF-8"?><record xmlns="http://www.loc.gov/MARC21/slim" xmlns:cinclude="http://apache.org/cocoon/include/1.0" xmlns:zs="http://www.loc.gov/zing/srw/">
  <leader>00624cz  a2200157n  4500</leader>
  <controlfield tag="001">n  91108036 </controlfield>
  <controlfield tag="003">DLC</controlfield>
  <controlfield tag="005">20081217081554.0</controlfield>
  <controlfield tag="008">911023n| acannaabn          |a aaa      </controlfield>
  <datafield tag="010" ind1=" " ind2=" ">
    <subfield code="a">n  91108036 </subfield>
  </datafield>
  <datafield tag="035" ind1=" " ind2=" ">
    <subfield code="a">(OCoLC)oca03045516</subfield>
  </datafield>
  <datafield tag="040" ind1=" " ind2=" ">
    <subfield code="a">DLC</subfield>
    <subfield code="b">eng</subfield>
    <subfield code="c">DLC</subfield>
    <subfield code="d">DLC</subfield>
    <subfield code="d">ICRL</subfield>
  </datafield>
  <datafield tag="100" ind1="1" ind2=" ">
    <subfield code="a">Pavlenko, S. I.</subfield>
  </datafield>
  <datafield tag="400" ind1="1" ind2=" ">
    <subfield code="a">Pavlenko, Stanislav Ivanovich</subfield>
  </datafield>
  <datafield tag="670" ind1=" " ind2=" ">
    <subfield code="a">Betony na osnove zoly i shlaka ... 1990-:</subfield>
    <subfield code="b">v. 1, t.p. (k.t.n. S. I. Pavlenko)</subfield>
  </datafield>
  <datafield tag="670" ind1=" " ind2=" ">
    <subfield code="a">Martenovskie shlaki i ikh ispolʹzovanie v metallurgii i drugikh otrasli︠a︡kh narodnogo khozi︠a︡ĭstva, 2006:</subfield>
    <subfield code="b">t.p. (S.I. Pavlenko) colophon (Pavlenko, Stanislav Ivanovich)</subfield>
  </datafield>
</record>